@inproceedings{zhang2013information,
  title={Information-theoretic lower bounds for distributed statistical estimation with communication constraints},
  author={Zhang, Yuchen and Duchi, John and Jordan, Michael and Wainwright, Martin J},
  booktitle={Advances in Neural Information Processing Systems},
  pages={2328--2336},
  year={2013}
}

@article{draper2004side,
  title={Side information aware coding strategies for sensor networks},
  author={Draper, Stark C and Wornell, Gregory W},
  journal={Selected Areas in Communications, IEEE Journal on},
  volume={22},
  number={6},
  pages={966--976},
  year={2004},
  publisher={IEEE}
}

@article{donoho2000wald,
  title={Wald Lecture {I}: {f}Counting Bits with {K}olmogorov and {S}hannon},
  author={Donoho, David L},
  year={2000},
  publisher={Citeseer}
}

@article{nussbaum1999minimax,
  title={Minimax risk: {P}insker bound},
  author={Nussbaum, Michael},
  journal={Encyclopedia of Statistical Sciences},
  volume={3},
  pages={451--460},
  year={1999},
  publisher={Wiley, New York}
}

@inproceedings{venkataramanan2013lossy,
  title={Lossy compression via sparse linear regression: {C}omputationally efficient encoding and decoding},
  author={Venkataramanan, Ramji and Sarkar, Tuhin and Tatikonda, Sekhar},
  booktitle={Information Theory Proceedings (ISIT), 2013 IEEE International Symposium on},
  pages={1182--1186},
  year={2013},
  organization={IEEE}
}

@article{johnstone2002function,
  title={Function estimation and {G}aussian sequence models},
  author={Johnstone, Iain M},
  year={2002}
}

@article{chandrasekaran:13,
   title = {Computational and statistical tradeoffs via convex relaxation},
   author = {Venkat Chandrasekarana and Michael I. Jordan},
   journal={PNAS},
   month = {March},
   year = {2013},
   volume = {110},
   number = {13},
   pages = {E1181-E1190},
   note = {doi: 10.1073/pnas.1302293110}
}

@book{tsybakov:2008,
 author = {Alexandre B. Tsybakov},
 title = {Introduction to Nonparametric Estimation},
 year = {2008},
 edition = {1st},
 publisher = {Springer Series in Statistics},
} 

@book{gallager:1968,
  title={Information Theory and Reliable Communication},
  author={Robert G. Gallager},
  publisher={John Wiley \& Sons},
  location = {New York, NY},
  year={1968},
}

@unpublished{Hinton:2012,
  title = {Improving neural networks by preventing co-adaptation of feature detectors},
  author = {G. E. Hinton and N. Srivastava and A. Krizhevsky and I. Sutskever and R. R. Salakhutdinov},
  institution = {University of Toronto},
  note = {arXiv:1207.0580},
}

@unpublished{Clarkson:2012,
  title = {Low Rank Approximation and Regression in Input Sparsity Time},
  author = {Kenneth L. Clarkson and David P. Woodruff},
  note = {arXiv:1207.6365},
}

@unpublished{Nelson:2012,
  title = {{OSNAP}: {F}aster numerical linear algebra algorithms via sparser subspace embeddings},
  author = {Jelani Nelson and Huy L. Nguyen},
  note = {arXiv:1211.1002},
}

@article{Boyd:2011,
  title = {Distributed Optimization and Statistical Learning via the Alternating Direction Method of Multipliers},
  author = {S. Boyd and N. Parikh and  E. Chu and  B. Peleato and J. Eckstein},
  journal = {Foundations and Trends in Machine Learning},
  volume = {3},
  number = {1},
  pages = {1--122},
  year = {2011},
}


@unpublished{Wager:2013,
  title = {Dropout Training as Adaptive Regularization},
  author = {Stefan Wager and Sida Wang and Percy Liang},
  note = {arXiv:1307.1493}
}


@article{Tropp:2012,
  author    = {Joel A. Tropp},
  title     = {User-Friendly Tail Bounds for Sums of Random Matrices},
  journal   = {Foundations of Computational Mathematics},
  volume    = {12},
  number    = {4},
  year      = {2012},
  pages     = {389-434},
  ee        = {http://dx.doi.org/10.1007/s10208-011-9099-z},
  bibsource = {DBLP, http://dblp.uni-trier.de}
}


